%YAML 1.1
%TAG !u! tag:unity3d.com,2011:
--- !u!29 &1
OcclusionCullingSettings:
  m_ObjectHideFlags: 0
  serializedVersion: 2
  m_OcclusionBakeSettings:
    smallestOccluder: 5
    smallestHole: 0.25
    backfaceThreshold: 100
  m_SceneGUID: 00000000000000000000000000000000
  m_OcclusionCullingData: {fileID: 0}
--- !u!104 &2
RenderSettings:
  m_ObjectHideFlags: 0
  serializedVersion: 9
  m_Fog: 0
  m_FogColor: {r: 0.5, g: 0.5, b: 0.5, a: 1}
  m_FogMode: 3
  m_FogDensity: 0.01
  m_LinearFogStart: 0
  m_LinearFogEnd: 300
  m_AmbientSkyColor: {r: 0.212, g: 0.227, b: 0.259, a: 1}
  m_AmbientEquatorColor: {r: 0.114, g: 0.125, b: 0.133, a: 1}
  m_AmbientGroundColor: {r: 0.047, g: 0.043, b: 0.035, a: 1}
  m_AmbientIntensity: 1
  m_AmbientMode: 3
  m_SubtractiveShadowColor: {r: 0.42, g: 0.478, b: 0.627, a: 1}
  m_SkyboxMaterial: {fileID: 0}
  m_HaloStrength: 0.5
  m_FlareStrength: 1
  m_FlareFadeSpeed: 3
  m_HaloTexture: {fileID: 0}
  m_SpotCookie: {fileID: 10001, guid: 0000000000000000e000000000000000, type: 0}
  m_DefaultReflectionMode: 0
  m_DefaultReflectionResolution: 128
  m_ReflectionBounces: 1
  m_ReflectionIntensity: 1
  m_CustomReflection: {fileID: 0}
  m_Sun: {fileID: 0}
  m_IndirectSpecularColor: {r: 0, g: 0, b: 0, a: 1}
  m_UseRadianceAmbientProbe: 0
--- !u!157 &3
LightmapSettings:
  m_ObjectHideFlags: 0
  serializedVersion: 12
  m_GIWorkflowMode: 1
  m_GISettings:
    serializedVersion: 2
    m_BounceScale: 1
    m_IndirectOutputScale: 1
    m_AlbedoBoost: 1
    m_EnvironmentLightingMode: 0
    m_EnableBakedLightmaps: 0
    m_EnableRealtimeLightmaps: 0
  m_LightmapEditorSettings:
    serializedVersion: 12
    m_Resolution: 2
    m_BakeResolution: 40
    m_AtlasSize: 1024
    m_AO: 0
    m_AOMaxDistance: 1
    m_CompAOExponent: 1
    m_CompAOExponentDirect: 0
    m_ExtractAmbientOcclusion: 0
    m_Padding: 2
    m_LightmapParameters: {fileID: 0}
    m_LightmapsBakeMode: 1
    m_TextureCompression: 1
    m_FinalGather: 0
    m_FinalGatherFiltering: 1
    m_FinalGatherRayCount: 256
    m_ReflectionCompression: 2
    m_MixedBakeMode: 2
    m_BakeBackend: 1
    m_PVRSampling: 1
    m_PVRDirectSampleCount: 32
    m_PVRSampleCount: 512
    m_PVRBounces: 2
    m_PVREnvironmentSampleCount: 256
    m_PVREnvironmentReferencePointCount: 2048
    m_PVRFilteringMode: 1
    m_PVRDenoiserTypeDirect: 1
    m_PVRDenoiserTypeIndirect: 1
    m_PVRDenoiserTypeAO: 1
    m_PVRFilterTypeDirect: 0
    m_PVRFilterTypeIndirect: 0
    m_PVRFilterTypeAO: 0
    m_PVREnvironmentMIS: 1
    m_PVRCulling: 1
    m_PVRFilteringGaussRadiusDirect: 1
    m_PVRFilteringGaussRadiusIndirect: 5
    m_PVRFilteringGaussRadiusAO: 2
    m_PVRFilteringAtrousPositionSigmaDirect: 0.5
    m_PVRFilteringAtrousPositionSigmaIndirect: 2
    m_PVRFilteringAtrousPositionSigmaAO: 1
    m_ExportTrainingData: 0
    m_TrainingDataDestination: TrainingData
    m_LightProbeSampleCountMultiplier: 4
  m_LightingDataAsset: {fileID: 0}
  m_LightingSettings: {fileID: 0}
--- !u!196 &4
NavMeshSettings:
  serializedVersion: 2
  m_ObjectHideFlags: 0
  m_BuildSettings:
    serializedVersion: 2
    agentTypeID: 0
    agentRadius: 0.5
    agentHeight: 2
    agentSlope: 45
    agentClimb: 0.4
    ledgeDropHeight: 0
    maxJumpAcrossDistance: 0
    minRegionArea: 2
    manualCellSize: 0
    cellSize: 0.16666667
    manualTileSize: 0
    tileSize: 256
    accuratePlacement: 0
    maxJobWorkers: 0
    preserveTilesOutsideBounds: 0
    debug:
      m_Flags: 0
  m_NavMeshData: {fileID: 0}
--- !u!1001 &492953273
PrefabInstance:
  m_ObjectHideFlags: 0
  serializedVersion: 2
  m_Modification:
    m_TransformParent: {fileID: 0}
    m_Modifications:
    - target: {fileID: 1597593262, guid: 1c14ebde4b5e54881a67b686f46e6b1d, type: 3}
      propertyPath: focus
      value: 
      objectReference: {fileID: 8171158353729499201}
    - target: {fileID: 3273605809934700986, guid: 1c14ebde4b5e54881a67b686f46e6b1d,
        type: 3}
      propertyPath: m_RootOrder
      value: 4
      objectReference: {fileID: 0}
    - target: {fileID: 3273605809934700986, guid: 1c14ebde4b5e54881a67b686f46e6b1d,
        type: 3}
      propertyPath: m_LocalPosition.x
      value: 0
      objectReference: {fileID: 0}
    - target: {fileID: 3273605809934700986, guid: 1c14ebde4b5e54881a67b686f46e6b1d,
        type: 3}
      propertyPath: m_LocalPosition.y
      value: 0
      objectReference: {fileID: 0}
    - target: {fileID: 3273605809934700986, guid: 1c14ebde4b5e54881a67b686f46e6b1d,
        type: 3}
      propertyPath: m_LocalPosition.z
      value: -10
      objectReference: {fileID: 0}
    - target: {fileID: 3273605809934700986, guid: 1c14ebde4b5e54881a67b686f46e6b1d,
        type: 3}
      propertyPath: m_LocalRotation.w
      value: 1
      objectReference: {fileID: 0}
    - target: {fileID: 3273605809934700986, guid: 1c14ebde4b5e54881a67b686f46e6b1d,
        type: 3}
      propertyPath: m_LocalRotation.x
      value: 0
      objectReference: {fileID: 0}
    - target: {fileID: 3273605809934700986, guid: 1c14ebde4b5e54881a67b686f46e6b1d,
        type: 3}
      propertyPath: m_LocalRotation.y
      value: 0
      objectReference: {fileID: 0}
    - target: {fileID: 3273605809934700986, guid: 1c14ebde4b5e54881a67b686f46e6b1d,
        type: 3}
      propertyPath: m_LocalRotation.z
      value: 0
      objectReference: {fileID: 0}
    - target: {fileID: 3273605809934700986, guid: 1c14ebde4b5e54881a67b686f46e6b1d,
        type: 3}
      propertyPath: m_LocalEulerAnglesHint.x
      value: 0
      objectReference: {fileID: 0}
    - target: {fileID: 3273605809934700986, guid: 1c14ebde4b5e54881a67b686f46e6b1d,
        type: 3}
      propertyPath: m_LocalEulerAnglesHint.y
      value: 0
      objectReference: {fileID: 0}
    - target: {fileID: 3273605809934700986, guid: 1c14ebde4b5e54881a67b686f46e6b1d,
        type: 3}
      propertyPath: m_LocalEulerAnglesHint.z
      value: 0
      objectReference: {fileID: 0}
    - target: {fileID: 3273605809934700987, guid: 1c14ebde4b5e54881a67b686f46e6b1d,
        type: 3}
      propertyPath: m_CullingMask.m_Bits
      value: 343
      objectReference: {fileID: 0}
    - target: {fileID: 3273605809934700990, guid: 1c14ebde4b5e54881a67b686f46e6b1d,
        type: 3}
      propertyPath: m_Icon
      value: 
      objectReference: {fileID: 2800000, guid: 08a04b12dd0d5ec4da08f074806d5bf7, type: 3}
    - target: {fileID: 3273605809934700990, guid: 1c14ebde4b5e54881a67b686f46e6b1d,
        type: 3}
      propertyPath: m_Name
      value: Main Camera (1)
      objectReference: {fileID: 0}
    m_RemovedComponents: []
  m_SourcePrefab: {fileID: 100100000, guid: 1c14ebde4b5e54881a67b686f46e6b1d, type: 3}
--- !u!1 &659539701
GameObject:
  m_ObjectHideFlags: 0
  m_CorrespondingSourceObject: {fileID: 0}
  m_PrefabInstance: {fileID: 0}
  m_PrefabAsset: {fileID: 0}
  serializedVersion: 6
  m_Component:
  - component: {fileID: 659539703}
  - component: {fileID: 659539702}
  m_Layer: 0
  m_Name: BG
  m_TagString: Untagged
  m_Icon: {fileID: 0}
  m_NavMeshLayer: 0
  m_StaticEditorFlags: 0
  m_IsActive: 1
--- !u!212 &659539702
SpriteRenderer:
  m_ObjectHideFlags: 0
  m_CorrespondingSourceObject: {fileID: 0}
  m_PrefabInstance: {fileID: 0}
  m_PrefabAsset: {fileID: 0}
  m_GameObject: {fileID: 659539701}
  m_Enabled: 1
  m_CastShadows: 0
  m_ReceiveShadows: 0
  m_DynamicOccludee: 1
  m_MotionVectors: 1
  m_LightProbeUsage: 1
  m_ReflectionProbeUsage: 1
  m_RayTracingMode: 0
  m_RayTraceProcedural: 0
  m_RenderingLayerMask: 1
  m_RendererPriority: 0
  m_Materials:
  - {fileID: 10754, guid: 0000000000000000f000000000000000, type: 0}
  m_StaticBatchInfo:
    firstSubMesh: 0
    subMeshCount: 0
  m_StaticBatchRoot: {fileID: 0}
  m_ProbeAnchor: {fileID: 0}
  m_LightProbeVolumeOverride: {fileID: 0}
  m_ScaleInLightmap: 1
  m_ReceiveGI: 1
  m_PreserveUVs: 0
  m_IgnoreNormalsForChartDetection: 0
  m_ImportantGI: 0
  m_StitchLightmapSeams: 1
  m_SelectedEditorRenderState: 0
  m_MinimumChartSize: 4
  m_AutoUVMaxDistance: 0.5
  m_AutoUVMaxAngle: 89
  m_LightmapParameters: {fileID: 0}
  m_SortingLayerID: 0
  m_SortingLayer: 0
  m_SortingOrder: 0
  m_Sprite: {fileID: 7482667652216324306, guid: 48e93eef0688c4a259cb0eddcd8661f7,
    type: 3}
  m_Color: {r: 1, g: 1, b: 1, a: 1}
  m_FlipX: 0
  m_FlipY: 0
  m_DrawMode: 0
  m_Size: {x: 1, y: 1}
  m_AdaptiveModeThreshold: 0.5
  m_SpriteTileMode: 0
  m_WasSpriteAssigned: 1
  m_MaskInteraction: 0
  m_SpriteSortPoint: 0
--- !u!4 &659539703
Transform:
  m_ObjectHideFlags: 0
  m_CorrespondingSourceObject: {fileID: 0}
  m_PrefabInstance: {fileID: 0}
  m_PrefabAsset: {fileID: 0}
  m_GameObject: {fileID: 659539701}
  m_LocalRotation: {x: 0, y: 0, z: 0, w: 1}
  m_LocalPosition: {x: 0.0756, y: 0.0378, z: 0}
  m_LocalScale: {x: 19.979258, y: 10.073802, z: 1}
  m_Children: []
  m_Father: {fileID: 0}
  m_RootOrder: 2
  m_LocalEulerAnglesHint: {x: 0, y: 0, z: 0}
--- !u!1001 &880143283
PrefabInstance:
  m_ObjectHideFlags: 0
  serializedVersion: 2
  m_Modification:
    m_TransformParent: {fileID: 0}
    m_Modifications:
    - target: {fileID: 1318976432026030865, guid: d96c0846c7d644f72bfbf301de1def5c,
        type: 3}
      propertyPath: model.player
      value: 
      objectReference: {fileID: 8171158353729499205}
    - target: {fileID: 1318976432026030867, guid: d96c0846c7d644f72bfbf301de1def5c,
        type: 3}
      propertyPath: m_Name
      value: Controllers
      objectReference: {fileID: 0}
    - target: {fileID: 1318976432026030871, guid: d96c0846c7d644f72bfbf301de1def5c,
        type: 3}
      propertyPath: m_RootOrder
      value: 3
      objectReference: {fileID: 0}
    - target: {fileID: 1318976432026030871, guid: d96c0846c7d644f72bfbf301de1def5c,
        type: 3}
      propertyPath: m_LocalPosition.x
      value: -0.6745266
      objectReference: {fileID: 0}
    - target: {fileID: 1318976432026030871, guid: d96c0846c7d644f72bfbf301de1def5c,
        type: 3}
      propertyPath: m_LocalPosition.y
      value: 2.066795
      objectReference: {fileID: 0}
    - target: {fileID: 1318976432026030871, guid: d96c0846c7d644f72bfbf301de1def5c,
        type: 3}
      propertyPath: m_LocalPosition.z
      value: 0
      objectReference: {fileID: 0}
    - target: {fileID: 1318976432026030871, guid: d96c0846c7d644f72bfbf301de1def5c,
        type: 3}
      propertyPath: m_LocalRotation.w
      value: 1
      objectReference: {fileID: 0}
    - target: {fileID: 1318976432026030871, guid: d96c0846c7d644f72bfbf301de1def5c,
        type: 3}
      propertyPath: m_LocalRotation.x
      value: 0
      objectReference: {fileID: 0}
    - target: {fileID: 1318976432026030871, guid: d96c0846c7d644f72bfbf301de1def5c,
        type: 3}
      propertyPath: m_LocalRotation.y
      value: 0
      objectReference: {fileID: 0}
    - target: {fileID: 1318976432026030871, guid: d96c0846c7d644f72bfbf301de1def5c,
        type: 3}
      propertyPath: m_LocalRotation.z
      value: 0
      objectReference: {fileID: 0}
    - target: {fileID: 1318976432026030871, guid: d96c0846c7d644f72bfbf301de1def5c,
        type: 3}
      propertyPath: m_LocalEulerAnglesHint.x
      value: 0
      objectReference: {fileID: 0}
    - target: {fileID: 1318976432026030871, guid: d96c0846c7d644f72bfbf301de1def5c,
        type: 3}
      propertyPath: m_LocalEulerAnglesHint.y
      value: 0
      objectReference: {fileID: 0}
    - target: {fileID: 1318976432026030871, guid: d96c0846c7d644f72bfbf301de1def5c,
        type: 3}
      propertyPath: m_LocalEulerAnglesHint.z
      value: 0
      objectReference: {fileID: 0}
    m_RemovedComponents: []
  m_SourcePrefab: {fileID: 100100000, guid: d96c0846c7d644f72bfbf301de1def5c, type: 3}
--- !u!1 &1302967289 stripped
GameObject:
  m_CorrespondingSourceObject: {fileID: 1545225805190462700, guid: 531723b9eba84314b95fdd52dc3e32ba,
    type: 3}
  m_PrefabInstance: {fileID: 1545225804341661461}
  m_PrefabAsset: {fileID: 0}
--- !u!1001 &1466913077
PrefabInstance:
  m_ObjectHideFlags: 0
  serializedVersion: 2
  m_Modification:
    m_TransformParent: {fileID: 0}
    m_Modifications:
    - target: {fileID: 6943210775000656824, guid: fb58dc84dca7b49f99bde3835c80609b,
        type: 3}
      propertyPath: m_RootOrder
      value: 5
      objectReference: {fileID: 0}
    - target: {fileID: 6943210775000656824, guid: fb58dc84dca7b49f99bde3835c80609b,
        type: 3}
      propertyPath: m_LocalPosition.x
      value: 0
      objectReference: {fileID: 0}
    - target: {fileID: 6943210775000656824, guid: fb58dc84dca7b49f99bde3835c80609b,
        type: 3}
      propertyPath: m_LocalPosition.y
      value: 0
      objectReference: {fileID: 0}
    - target: {fileID: 6943210775000656824, guid: fb58dc84dca7b49f99bde3835c80609b,
        type: 3}
      propertyPath: m_LocalPosition.z
      value: -10
      objectReference: {fileID: 0}
    - target: {fileID: 6943210775000656824, guid: fb58dc84dca7b49f99bde3835c80609b,
        type: 3}
      propertyPath: m_LocalRotation.w
      value: 1
      objectReference: {fileID: 0}
    - target: {fileID: 6943210775000656824, guid: fb58dc84dca7b49f99bde3835c80609b,
        type: 3}
      propertyPath: m_LocalRotation.x
      value: 0
      objectReference: {fileID: 0}
    - target: {fileID: 6943210775000656824, guid: fb58dc84dca7b49f99bde3835c80609b,
        type: 3}
      propertyPath: m_LocalRotation.y
      value: 0
      objectReference: {fileID: 0}
    - target: {fileID: 6943210775000656824, guid: fb58dc84dca7b49f99bde3835c80609b,
        type: 3}
      propertyPath: m_LocalRotation.z
      value: 0
      objectReference: {fileID: 0}
    - target: {fileID: 6943210775000656824, guid: fb58dc84dca7b49f99bde3835c80609b,
        type: 3}
      propertyPath: m_LocalEulerAnglesHint.x
      value: 0
      objectReference: {fileID: 0}
    - target: {fileID: 6943210775000656824, guid: fb58dc84dca7b49f99bde3835c80609b,
        type: 3}
      propertyPath: m_LocalEulerAnglesHint.y
      value: 0
      objectReference: {fileID: 0}
    - target: {fileID: 6943210775000656824, guid: fb58dc84dca7b49f99bde3835c80609b,
        type: 3}
      propertyPath: m_LocalEulerAnglesHint.z
      value: 0
      objectReference: {fileID: 0}
    - target: {fileID: 6943210775000656828, guid: fb58dc84dca7b49f99bde3835c80609b,
        type: 3}
      propertyPath: m_Name
      value: UI Camera
      objectReference: {fileID: 0}
    m_RemovedComponents: []
  m_SourcePrefab: {fileID: 100100000, guid: fb58dc84dca7b49f99bde3835c80609b, type: 3}
--- !u!1 &1803121439
GameObject:
  m_ObjectHideFlags: 0
  m_CorrespondingSourceObject: {fileID: 0}
  m_PrefabInstance: {fileID: 0}
  m_PrefabAsset: {fileID: 0}
  serializedVersion: 6
  m_Component:
  - component: {fileID: 1803121443}
  - component: {fileID: 1803121442}
  - component: {fileID: 1803121441}
  - component: {fileID: 1803121440}
  m_Layer: 0
  m_Name: Square
  m_TagString: Untagged
  m_Icon: {fileID: 0}
  m_NavMeshLayer: 0
  m_StaticEditorFlags: 0
  m_IsActive: 1
--- !u!50 &1803121440
Rigidbody2D:
  serializedVersion: 4
  m_ObjectHideFlags: 0
  m_CorrespondingSourceObject: {fileID: 0}
  m_PrefabInstance: {fileID: 0}
  m_PrefabAsset: {fileID: 0}
  m_GameObject: {fileID: 1803121439}
  m_BodyType: 0
  m_Simulated: 1
  m_UseFullKinematicContacts: 0
  m_UseAutoMass: 0
  m_Mass: 1
  m_LinearDrag: 20
  m_AngularDrag: 0.05
  m_GravityScale: 0
  m_Material: {fileID: 0}
  m_Interpolate: 0
  m_SleepingMode: 1
  m_CollisionDetection: 1
  m_Constraints: 4
--- !u!61 &1803121441
BoxCollider2D:
  m_ObjectHideFlags: 0
  m_CorrespondingSourceObject: {fileID: 0}
  m_PrefabInstance: {fileID: 0}
  m_PrefabAsset: {fileID: 0}
  m_GameObject: {fileID: 1803121439}
  m_Enabled: 1
  m_Density: 1
  m_Material: {fileID: 0}
  m_IsTrigger: 0
  m_UsedByEffector: 0
  m_UsedByComposite: 0
  m_Offset: {x: 0, y: 0.24696207}
  m_SpriteTilingProperty:
    border: {x: 0, y: 0, z: 0, w: 0}
    pivot: {x: 0.50000024, y: 0.07282233}
    oldSize: {x: 0.375, y: 0.578125}
    newSize: {x: 1, y: 1}
    adaptiveTilingThreshold: 0.5
    drawMode: 0
    adaptiveTiling: 0
  m_AutoTiling: 0
  serializedVersion: 2
  m_Size: {x: 0.3, y: 0.578125}
  m_EdgeRadius: 0
--- !u!212 &1803121442
SpriteRenderer:
  m_ObjectHideFlags: 0
  m_CorrespondingSourceObject: {fileID: 0}
  m_PrefabInstance: {fileID: 0}
  m_PrefabAsset: {fileID: 0}
  m_GameObject: {fileID: 1803121439}
  m_Enabled: 1
  m_CastShadows: 0
  m_ReceiveShadows: 0
  m_DynamicOccludee: 1
  m_MotionVectors: 1
  m_LightProbeUsage: 1
  m_ReflectionProbeUsage: 1
  m_RayTracingMode: 0
  m_RayTraceProcedural: 0
  m_RenderingLayerMask: 1
  m_RendererPriority: 0
  m_Materials:
  - {fileID: 10754, guid: 0000000000000000f000000000000000, type: 0}
  m_StaticBatchInfo:
    firstSubMesh: 0
    subMeshCount: 0
  m_StaticBatchRoot: {fileID: 0}
  m_ProbeAnchor: {fileID: 0}
  m_LightProbeVolumeOverride: {fileID: 0}
  m_ScaleInLightmap: 1
  m_ReceiveGI: 1
  m_PreserveUVs: 0
  m_IgnoreNormalsForChartDetection: 0
  m_ImportantGI: 0
  m_StitchLightmapSeams: 1
  m_SelectedEditorRenderState: 0
  m_MinimumChartSize: 4
  m_AutoUVMaxDistance: 0.5
  m_AutoUVMaxAngle: 89
  m_LightmapParameters: {fileID: 0}
  m_SortingLayerID: 0
  m_SortingLayer: 0
  m_SortingOrder: 1
  m_Sprite: {fileID: 21300004, guid: a4dbce958f01af8489942a973bfe20c3, type: 3}
  m_Color: {r: 1, g: 1, b: 1, a: 1}
  m_FlipX: 0
  m_FlipY: 0
  m_DrawMode: 0
  m_Size: {x: 1, y: 1}
  m_AdaptiveModeThreshold: 0.5
  m_SpriteTileMode: 0
  m_WasSpriteAssigned: 1
  m_MaskInteraction: 0
  m_SpriteSortPoint: 0
--- !u!4 &1803121443
Transform:
  m_ObjectHideFlags: 0
  m_CorrespondingSourceObject: {fileID: 0}
  m_PrefabInstance: {fileID: 0}
  m_PrefabAsset: {fileID: 0}
  m_GameObject: {fileID: 1803121439}
  m_LocalRotation: {x: 0, y: 0, z: 0, w: 1}
  m_LocalPosition: {x: 1.9, y: -0.28, z: 0}
  m_LocalScale: {x: 1, y: 1, z: 1}
  m_Children: []
  m_Father: {fileID: 0}
  m_RootOrder: 7
  m_LocalEulerAnglesHint: {x: 0, y: 0, z: 0}
--- !u!4 &1944731476 stripped
Transform:
  m_CorrespondingSourceObject: {fileID: 4042012099050408474, guid: 6f7cafe4cec3b4a4297c131d823a70f9,
    type: 3}
  m_PrefabInstance: {fileID: 4042012100047576631}
  m_PrefabAsset: {fileID: 0}
--- !u!1001 &1092316691839207679
PrefabInstance:
  m_ObjectHideFlags: 0
  serializedVersion: 2
  m_Modification:
    m_TransformParent: {fileID: 0}
    m_Modifications:
    - target: {fileID: 9101063482401192124, guid: f54539cc1be244c43908ee4250528097,
        type: 3}
      propertyPath: m_Name
      value: Player
      objectReference: {fileID: 0}
    - target: {fileID: 9101063482401192126, guid: f54539cc1be244c43908ee4250528097,
        type: 3}
      propertyPath: m_RootOrder
      value: 0
      objectReference: {fileID: 0}
    - target: {fileID: 9101063482401192126, guid: f54539cc1be244c43908ee4250528097,
        type: 3}
      propertyPath: m_LocalPosition.x
      value: -0.03780718
      objectReference: {fileID: 0}
    - target: {fileID: 9101063482401192126, guid: f54539cc1be244c43908ee4250528097,
        type: 3}
      propertyPath: m_LocalPosition.y
      value: -0.96408314
      objectReference: {fileID: 0}
    - target: {fileID: 9101063482401192126, guid: f54539cc1be244c43908ee4250528097,
        type: 3}
      propertyPath: m_LocalPosition.z
      value: 0
      objectReference: {fileID: 0}
    - target: {fileID: 9101063482401192126, guid: f54539cc1be244c43908ee4250528097,
        type: 3}
      propertyPath: m_LocalRotation.w
      value: 1
      objectReference: {fileID: 0}
    - target: {fileID: 9101063482401192126, guid: f54539cc1be244c43908ee4250528097,
        type: 3}
      propertyPath: m_LocalRotation.x
      value: 0
      objectReference: {fileID: 0}
    - target: {fileID: 9101063482401192126, guid: f54539cc1be244c43908ee4250528097,
        type: 3}
      propertyPath: m_LocalRotation.y
      value: 0
      objectReference: {fileID: 0}
    - target: {fileID: 9101063482401192126, guid: f54539cc1be244c43908ee4250528097,
        type: 3}
      propertyPath: m_LocalRotation.z
      value: 0
      objectReference: {fileID: 0}
    - target: {fileID: 9101063482401192126, guid: f54539cc1be244c43908ee4250528097,
        type: 3}
      propertyPath: m_LocalEulerAnglesHint.x
      value: 0
      objectReference: {fileID: 0}
    - target: {fileID: 9101063482401192126, guid: f54539cc1be244c43908ee4250528097,
        type: 3}
      propertyPath: m_LocalEulerAnglesHint.y
      value: 0
      objectReference: {fileID: 0}
    - target: {fileID: 9101063482401192126, guid: f54539cc1be244c43908ee4250528097,
        type: 3}
      propertyPath: m_LocalEulerAnglesHint.z
      value: 0
      objectReference: {fileID: 0}
    m_RemovedComponents: []
  m_SourcePrefab: {fileID: 100100000, guid: f54539cc1be244c43908ee4250528097, type: 3}
--- !u!1001 &1390219463994889302
PrefabInstance:
  m_ObjectHideFlags: 0
  serializedVersion: 2
  m_Modification:
    m_TransformParent: {fileID: 0}
    m_Modifications:
    - target: {fileID: 1390219464259536792, guid: d3068bc72638f4d4999755d99d874c59,
        type: 3}
      propertyPath: m_RootOrder
      value: 10
      objectReference: {fileID: 0}
    - target: {fileID: 1390219464259536792, guid: d3068bc72638f4d4999755d99d874c59,
        type: 3}
      propertyPath: m_LocalPosition.x
      value: 1.93
      objectReference: {fileID: 0}
    - target: {fileID: 1390219464259536792, guid: d3068bc72638f4d4999755d99d874c59,
        type: 3}
      propertyPath: m_LocalPosition.y
      value: -1.42
      objectReference: {fileID: 0}
    - target: {fileID: 1390219464259536792, guid: d3068bc72638f4d4999755d99d874c59,
        type: 3}
      propertyPath: m_LocalPosition.z
      value: 0
      objectReference: {fileID: 0}
    - target: {fileID: 1390219464259536792, guid: d3068bc72638f4d4999755d99d874c59,
        type: 3}
      propertyPath: m_LocalRotation.w
      value: 0.92387956
      objectReference: {fileID: 0}
    - target: {fileID: 1390219464259536792, guid: d3068bc72638f4d4999755d99d874c59,
        type: 3}
      propertyPath: m_LocalRotation.x
      value: 0
      objectReference: {fileID: 0}
    - target: {fileID: 1390219464259536792, guid: d3068bc72638f4d4999755d99d874c59,
        type: 3}
      propertyPath: m_LocalRotation.y
      value: 0
      objectReference: {fileID: 0}
    - target: {fileID: 1390219464259536792, guid: d3068bc72638f4d4999755d99d874c59,
        type: 3}
      propertyPath: m_LocalRotation.z
      value: 0.38268343
      objectReference: {fileID: 0}
    - target: {fileID: 1390219464259536792, guid: d3068bc72638f4d4999755d99d874c59,
        type: 3}
      propertyPath: m_LocalEulerAnglesHint.x
      value: 0
      objectReference: {fileID: 0}
    - target: {fileID: 1390219464259536792, guid: d3068bc72638f4d4999755d99d874c59,
        type: 3}
      propertyPath: m_LocalEulerAnglesHint.y
      value: 0
      objectReference: {fileID: 0}
    - target: {fileID: 1390219464259536792, guid: d3068bc72638f4d4999755d99d874c59,
        type: 3}
      propertyPath: m_LocalEulerAnglesHint.z
      value: 45
      objectReference: {fileID: 0}
    - target: {fileID: 1390219464259536797, guid: d3068bc72638f4d4999755d99d874c59,
        type: 3}
      propertyPath: m_Name
      value: Mirror
      objectReference: {fileID: 0}
    - target: {fileID: 2660348388503541150, guid: d3068bc72638f4d4999755d99d874c59,
        type: 3}
      propertyPath: m_LinearDrag
      value: 20
      objectReference: {fileID: 0}
    m_RemovedComponents: []
  m_SourcePrefab: {fileID: 100100000, guid: d3068bc72638f4d4999755d99d874c59, type: 3}
--- !u!1001 &1545225804341661461
PrefabInstance:
  m_ObjectHideFlags: 0
  serializedVersion: 2
  m_Modification:
    m_TransformParent: {fileID: 0}
    m_Modifications:
    - target: {fileID: 933596676441664532, guid: 531723b9eba84314b95fdd52dc3e32ba,
        type: 3}
      propertyPath: triggerEvent.m_PersistentCalls.m_Calls.Array.size
      value: 1
      objectReference: {fileID: 0}
    - target: {fileID: 933596676441664532, guid: 531723b9eba84314b95fdd52dc3e32ba,
        type: 3}
      propertyPath: triggerEvent.m_PersistentCalls.m_Calls.Array.data[0].m_Mode
      value: 6
      objectReference: {fileID: 0}
    - target: {fileID: 933596676441664532, guid: 531723b9eba84314b95fdd52dc3e32ba,
        type: 3}
      propertyPath: triggerEvent.m_PersistentCalls.m_Calls.Array.data[0].m_Target
      value: 
      objectReference: {fileID: 1302967289}
    - target: {fileID: 933596676441664532, guid: 531723b9eba84314b95fdd52dc3e32ba,
        type: 3}
      propertyPath: triggerEvent.m_PersistentCalls.m_Calls.Array.data[0].m_CallState
      value: 2
      objectReference: {fileID: 0}
    - target: {fileID: 933596676441664532, guid: 531723b9eba84314b95fdd52dc3e32ba,
        type: 3}
      propertyPath: triggerEvent.m_PersistentCalls.m_Calls.Array.data[0].m_MethodName
      value: SetActive
      objectReference: {fileID: 0}
    - target: {fileID: 933596676441664532, guid: 531723b9eba84314b95fdd52dc3e32ba,
        type: 3}
      propertyPath: triggerEvent.m_PersistentCalls.m_Calls.Array.data[0].m_TargetAssemblyTypeName
      value: UnityEngine.GameObject, UnityEngine
      objectReference: {fileID: 0}
    - target: {fileID: 933596676441664532, guid: 531723b9eba84314b95fdd52dc3e32ba,
        type: 3}
      propertyPath: triggerEvent.m_PersistentCalls.m_Calls.Array.data[0].m_Arguments.m_ObjectArgumentAssemblyTypeName
      value: UnityEngine.Object, UnityEngine
      objectReference: {fileID: 0}
    - target: {fileID: 1545225805190462697, guid: 531723b9eba84314b95fdd52dc3e32ba,
        type: 3}
      propertyPath: m_RootOrder
      value: 6
      objectReference: {fileID: 0}
    - target: {fileID: 1545225805190462697, guid: 531723b9eba84314b95fdd52dc3e32ba,
        type: 3}
      propertyPath: m_LocalPosition.x
      value: -0.07
      objectReference: {fileID: 0}
    - target: {fileID: 1545225805190462697, guid: 531723b9eba84314b95fdd52dc3e32ba,
        type: 3}
      propertyPath: m_LocalPosition.y
      value: 1
      objectReference: {fileID: 0}
    - target: {fileID: 1545225805190462697, guid: 531723b9eba84314b95fdd52dc3e32ba,
        type: 3}
      propertyPath: m_LocalPosition.z
      value: 0
      objectReference: {fileID: 0}
    - target: {fileID: 1545225805190462697, guid: 531723b9eba84314b95fdd52dc3e32ba,
        type: 3}
      propertyPath: m_LocalRotation.w
      value: 1
      objectReference: {fileID: 0}
    - target: {fileID: 1545225805190462697, guid: 531723b9eba84314b95fdd52dc3e32ba,
        type: 3}
      propertyPath: m_LocalRotation.x
      value: 0
      objectReference: {fileID: 0}
    - target: {fileID: 1545225805190462697, guid: 531723b9eba84314b95fdd52dc3e32ba,
        type: 3}
      propertyPath: m_LocalRotation.y
      value: 0
      objectReference: {fileID: 0}
    - target: {fileID: 1545225805190462697, guid: 531723b9eba84314b95fdd52dc3e32ba,
        type: 3}
      propertyPath: m_LocalRotation.z
      value: 0
      objectReference: {fileID: 0}
    - target: {fileID: 1545225805190462697, guid: 531723b9eba84314b95fdd52dc3e32ba,
        type: 3}
      propertyPath: m_LocalEulerAnglesHint.x
      value: 0
      objectReference: {fileID: 0}
    - target: {fileID: 1545225805190462697, guid: 531723b9eba84314b95fdd52dc3e32ba,
        type: 3}
      propertyPath: m_LocalEulerAnglesHint.y
      value: 0
      objectReference: {fileID: 0}
    - target: {fileID: 1545225805190462697, guid: 531723b9eba84314b95fdd52dc3e32ba,
        type: 3}
      propertyPath: m_LocalEulerAnglesHint.z
      value: 0
      objectReference: {fileID: 0}
    - target: {fileID: 1545225805190462700, guid: 531723b9eba84314b95fdd52dc3e32ba,
        type: 3}
      propertyPath: m_Name
      value: DestructibleExample
      objectReference: {fileID: 0}
    m_RemovedComponents: []
  m_SourcePrefab: {fileID: 100100000, guid: 531723b9eba84314b95fdd52dc3e32ba, type: 3}
--- !u!1001 &4042012100047576631
PrefabInstance:
  m_ObjectHideFlags: 0
  serializedVersion: 2
  m_Modification:
    m_TransformParent: {fileID: 0}
    m_Modifications:
    - target: {fileID: 4042012100163447028, guid: 6f7cafe4cec3b4a4297c131d823a70f9,
        type: 3}
      propertyPath: m_RootOrder
      value: 8
      objectReference: {fileID: 0}
    - target: {fileID: 4042012100163447028, guid: 6f7cafe4cec3b4a4297c131d823a70f9,
        type: 3}
      propertyPath: m_LocalPosition.x
      value: 1.85
      objectReference: {fileID: 0}
    - target: {fileID: 4042012100163447028, guid: 6f7cafe4cec3b4a4297c131d823a70f9,
        type: 3}
      propertyPath: m_LocalPosition.y
      value: 1.4
      objectReference: {fileID: 0}
    - target: {fileID: 4042012100163447028, guid: 6f7cafe4cec3b4a4297c131d823a70f9,
        type: 3}
      propertyPath: m_LocalPosition.z
      value: 0
      objectReference: {fileID: 0}
    - target: {fileID: 4042012100163447028, guid: 6f7cafe4cec3b4a4297c131d823a70f9,
        type: 3}
      propertyPath: m_LocalRotation.w
      value: 1
      objectReference: {fileID: 0}
    - target: {fileID: 4042012100163447028, guid: 6f7cafe4cec3b4a4297c131d823a70f9,
        type: 3}
      propertyPath: m_LocalRotation.x
      value: 0
      objectReference: {fileID: 0}
    - target: {fileID: 4042012100163447028, guid: 6f7cafe4cec3b4a4297c131d823a70f9,
        type: 3}
      propertyPath: m_LocalRotation.y
      value: 0
      objectReference: {fileID: 0}
    - target: {fileID: 4042012100163447028, guid: 6f7cafe4cec3b4a4297c131d823a70f9,
        type: 3}
      propertyPath: m_LocalRotation.z
      value: 0
      objectReference: {fileID: 0}
    - target: {fileID: 4042012100163447028, guid: 6f7cafe4cec3b4a4297c131d823a70f9,
        type: 3}
      propertyPath: m_LocalEulerAnglesHint.x
      value: 0
      objectReference: {fileID: 0}
    - target: {fileID: 4042012100163447028, guid: 6f7cafe4cec3b4a4297c131d823a70f9,
        type: 3}
      propertyPath: m_LocalEulerAnglesHint.y
      value: 0
      objectReference: {fileID: 0}
    - target: {fileID: 4042012100163447028, guid: 6f7cafe4cec3b4a4297c131d823a70f9,
        type: 3}
      propertyPath: m_LocalEulerAnglesHint.z
      value: 0
      objectReference: {fileID: 0}
    - target: {fileID: 4042012100163447029, guid: 6f7cafe4cec3b4a4297c131d823a70f9,
        type: 3}
      propertyPath: length
      value: 50
      objectReference: {fileID: 0}
    - target: {fileID: 4042012100163447029, guid: 6f7cafe4cec3b4a4297c131d823a70f9,
        type: 3}
      propertyPath: rayCaster
      value: 
      objectReference: {fileID: 1944731476}
    - target: {fileID: 4042012100163447030, guid: 6f7cafe4cec3b4a4297c131d823a70f9,
        type: 3}
      propertyPath: m_Parameters.colorGradient.atime1
      value: 63897
      objectReference: {fileID: 0}
    - target: {fileID: 4042012100163447030, guid: 6f7cafe4cec3b4a4297c131d823a70f9,
        type: 3}
      propertyPath: m_Parameters.colorGradient.atime2
      value: 65535
      objectReference: {fileID: 0}
    - target: {fileID: 4042012100163447030, guid: 6f7cafe4cec3b4a4297c131d823a70f9,
        type: 3}
      propertyPath: m_Parameters.colorGradient.ctime1
      value: 63897
      objectReference: {fileID: 0}
    - target: {fileID: 4042012100163447030, guid: 6f7cafe4cec3b4a4297c131d823a70f9,
        type: 3}
      propertyPath: m_Parameters.colorGradient.ctime2
      value: 65535
      objectReference: {fileID: 0}
    - target: {fileID: 4042012100163447030, guid: 6f7cafe4cec3b4a4297c131d823a70f9,
        type: 3}
      propertyPath: m_Parameters.colorGradient.key0.b
      value: 0.8117648
      objectReference: {fileID: 0}
    - target: {fileID: 4042012100163447030, guid: 6f7cafe4cec3b4a4297c131d823a70f9,
        type: 3}
      propertyPath: m_Parameters.colorGradient.key0.g
      value: 0.10980393
      objectReference: {fileID: 0}
    - target: {fileID: 4042012100163447030, guid: 6f7cafe4cec3b4a4297c131d823a70f9,
        type: 3}
      propertyPath: m_Parameters.colorGradient.key0.r
      value: 0.83921576
      objectReference: {fileID: 0}
    - target: {fileID: 4042012100163447030, guid: 6f7cafe4cec3b4a4297c131d823a70f9,
        type: 3}
      propertyPath: m_Parameters.colorGradient.key1.a
      value: 0.37941176
      objectReference: {fileID: 0}
    - target: {fileID: 4042012100163447030, guid: 6f7cafe4cec3b4a4297c131d823a70f9,
        type: 3}
      propertyPath: m_Parameters.colorGradient.key1.b
      value: 0.8117648
      objectReference: {fileID: 0}
    - target: {fileID: 4042012100163447030, guid: 6f7cafe4cec3b4a4297c131d823a70f9,
        type: 3}
      propertyPath: m_Parameters.colorGradient.key1.g
      value: 0.10980393
      objectReference: {fileID: 0}
    - target: {fileID: 4042012100163447030, guid: 6f7cafe4cec3b4a4297c131d823a70f9,
        type: 3}
      propertyPath: m_Parameters.colorGradient.key1.r
      value: 0.83921576
      objectReference: {fileID: 0}
    - target: {fileID: 4042012100163447030, guid: 6f7cafe4cec3b4a4297c131d823a70f9,
        type: 3}
      propertyPath: m_Parameters.colorGradient.key2.b
      value: 0.97832227
      objectReference: {fileID: 0}
    - target: {fileID: 4042012100163447030, guid: 6f7cafe4cec3b4a4297c131d823a70f9,
        type: 3}
      propertyPath: m_Parameters.colorGradient.key2.g
      value: 0.9024564
      objectReference: {fileID: 0}
    - target: {fileID: 4042012100163447030, guid: 6f7cafe4cec3b4a4297c131d823a70f9,
        type: 3}
      propertyPath: m_Parameters.colorGradient.key2.r
      value: 0.9811321
      objectReference: {fileID: 0}
    - target: {fileID: 4042012100163447030, guid: 6f7cafe4cec3b4a4297c131d823a70f9,
        type: 3}
      propertyPath: m_Parameters.colorGradient.m_Mode
      value: 0
      objectReference: {fileID: 0}
    - target: {fileID: 4042012100163447030, guid: 6f7cafe4cec3b4a4297c131d823a70f9,
        type: 3}
      propertyPath: m_Parameters.colorGradient.m_NumAlphaKeys
      value: 3
      objectReference: {fileID: 0}
    - target: {fileID: 4042012100163447030, guid: 6f7cafe4cec3b4a4297c131d823a70f9,
        type: 3}
      propertyPath: m_Parameters.colorGradient.m_NumColorKeys
      value: 3
      objectReference: {fileID: 0}
    - target: {fileID: 4042012100163447031, guid: 6f7cafe4cec3b4a4297c131d823a70f9,
        type: 3}
      propertyPath: m_Name
      value: LaserObelisk
      objectReference: {fileID: 0}
    m_RemovedComponents: []
  m_SourcePrefab: {fileID: 100100000, guid: 6f7cafe4cec3b4a4297c131d823a70f9, type: 3}
--- !u!1001 &6729142397678071483
PrefabInstance:
  m_ObjectHideFlags: 0
  serializedVersion: 2
  m_Modification:
    m_TransformParent: {fileID: 0}
    m_Modifications:
    - target: {fileID: 5398891878178255514, guid: 7305c4c1be4f713428112d65cd5666ec,
        type: 3}
      propertyPath: m_Name
      value: LaserTarget
      objectReference: {fileID: 0}
    - target: {fileID: 7222479815726203041, guid: 7305c4c1be4f713428112d65cd5666ec,
        type: 3}
      propertyPath: m_RootOrder
      value: 9
      objectReference: {fileID: 0}
    - target: {fileID: 7222479815726203041, guid: 7305c4c1be4f713428112d65cd5666ec,
        type: 3}
      propertyPath: m_LocalScale.x
      value: 0.75
      objectReference: {fileID: 0}
    - target: {fileID: 7222479815726203041, guid: 7305c4c1be4f713428112d65cd5666ec,
        type: 3}
      propertyPath: m_LocalScale.y
      value: 0.75
      objectReference: {fileID: 0}
    - target: {fileID: 7222479815726203041, guid: 7305c4c1be4f713428112d65cd5666ec,
        type: 3}
      propertyPath: m_LocalPosition.x
      value: -2.97
      objectReference: {fileID: 0}
    - target: {fileID: 7222479815726203041, guid: 7305c4c1be4f713428112d65cd5666ec,
        type: 3}
      propertyPath: m_LocalPosition.y
      value: -1.42
      objectReference: {fileID: 0}
    - target: {fileID: 7222479815726203041, guid: 7305c4c1be4f713428112d65cd5666ec,
        type: 3}
      propertyPath: m_LocalPosition.z
      value: 0
      objectReference: {fileID: 0}
    - target: {fileID: 7222479815726203041, guid: 7305c4c1be4f713428112d65cd5666ec,
        type: 3}
      propertyPath: m_LocalRotation.w
      value: 1
      objectReference: {fileID: 0}
    - target: {fileID: 7222479815726203041, guid: 7305c4c1be4f713428112d65cd5666ec,
        type: 3}
      propertyPath: m_LocalRotation.x
      value: 0
      objectReference: {fileID: 0}
    - target: {fileID: 7222479815726203041, guid: 7305c4c1be4f713428112d65cd5666ec,
        type: 3}
      propertyPath: m_LocalRotation.y
      value: 0
      objectReference: {fileID: 0}
    - target: {fileID: 7222479815726203041, guid: 7305c4c1be4f713428112d65cd5666ec,
        type: 3}
      propertyPath: m_LocalRotation.z
      value: 0
      objectReference: {fileID: 0}
    - target: {fileID: 7222479815726203041, guid: 7305c4c1be4f713428112d65cd5666ec,
        type: 3}
      propertyPath: m_LocalEulerAnglesHint.x
      value: 0
      objectReference: {fileID: 0}
    - target: {fileID: 7222479815726203041, guid: 7305c4c1be4f713428112d65cd5666ec,
        type: 3}
      propertyPath: m_LocalEulerAnglesHint.y
      value: 0
      objectReference: {fileID: 0}
    - target: {fileID: 7222479815726203041, guid: 7305c4c1be4f713428112d65cd5666ec,
        type: 3}
      propertyPath: m_LocalEulerAnglesHint.z
      value: 0
      objectReference: {fileID: 0}
    m_RemovedComponents: []
  m_SourcePrefab: {fileID: 100100000, guid: 7305c4c1be4f713428112d65cd5666ec, type: 3}
--- !u!1001 &7793753525706982967
PrefabInstance:
  m_ObjectHideFlags: 0
  serializedVersion: 2
  m_Modification:
    m_TransformParent: {fileID: 0}
    m_Modifications:
    - target: {fileID: 7793753525666492890, guid: ce02aa416fbfae24bad4f29ae110e299,
        type: 3}
      propertyPath: m_RootOrder
      value: 1
      objectReference: {fileID: 0}
    - target: {fileID: 7793753525666492890, guid: ce02aa416fbfae24bad4f29ae110e299,
        type: 3}
      propertyPath: m_LocalPosition.x
      value: -2.88
      objectReference: {fileID: 0}
    - target: {fileID: 7793753525666492890, guid: ce02aa416fbfae24bad4f29ae110e299,
        type: 3}
      propertyPath: m_LocalPosition.y
      value: 0.91
      objectReference: {fileID: 0}
    - target: {fileID: 7793753525666492890, guid: ce02aa416fbfae24bad4f29ae110e299,
        type: 3}
      propertyPath: m_LocalPosition.z
      value: 0
      objectReference: {fileID: 0}
    - target: {fileID: 7793753525666492890, guid: ce02aa416fbfae24bad4f29ae110e299,
        type: 3}
      propertyPath: m_LocalRotation.w
      value: 1
      objectReference: {fileID: 0}
    - target: {fileID: 7793753525666492890, guid: ce02aa416fbfae24bad4f29ae110e299,
        type: 3}
      propertyPath: m_LocalRotation.x
      value: 0
      objectReference: {fileID: 0}
    - target: {fileID: 7793753525666492890, guid: ce02aa416fbfae24bad4f29ae110e299,
        type: 3}
      propertyPath: m_LocalRotation.y
      value: 0
      objectReference: {fileID: 0}
    - target: {fileID: 7793753525666492890, guid: ce02aa416fbfae24bad4f29ae110e299,
        type: 3}
      propertyPath: m_LocalRotation.z
      value: 0
      objectReference: {fileID: 0}
    - target: {fileID: 7793753525666492890, guid: ce02aa416fbfae24bad4f29ae110e299,
        type: 3}
      propertyPath: m_LocalEulerAnglesHint.x
      value: 0
      objectReference: {fileID: 0}
    - target: {fileID: 7793753525666492890, guid: ce02aa416fbfae24bad4f29ae110e299,
        type: 3}
      propertyPath: m_LocalEulerAnglesHint.y
      value: 0
      objectReference: {fileID: 0}
    - target: {fileID: 7793753525666492890, guid: ce02aa416fbfae24bad4f29ae110e299,
        type: 3}
      propertyPath: m_LocalEulerAnglesHint.z
      value: 0
      objectReference: {fileID: 0}
    - target: {fileID: 7793753525666492892, guid: ce02aa416fbfae24bad4f29ae110e299,
        type: 3}
      propertyPath: m_Name
      value: ProjectileTriggerPuzzleExample
      objectReference: {fileID: 0}
    m_RemovedComponents: []
  m_SourcePrefab: {fileID: 100100000, guid: ce02aa416fbfae24bad4f29ae110e299, type: 3}
--- !u!4 &8171158353729499201 stripped
Transform:
  m_CorrespondingSourceObject: {fileID: 9101063482401192126, guid: f54539cc1be244c43908ee4250528097,
    type: 3}
  m_PrefabInstance: {fileID: 1092316691839207679}
  m_PrefabAsset: {fileID: 0}
--- !u!114 &8171158353729499205 stripped
MonoBehaviour:
  m_CorrespondingSourceObject: {fileID: 9101063482401192122, guid: f54539cc1be244c43908ee4250528097,
    type: 3}
  m_PrefabInstance: {fileID: 1092316691839207679}
  m_PrefabAsset: {fileID: 0}
  m_GameObject: {fileID: 0}
  m_Enabled: 1
  m_EditorHideFlags: 0
  m_Script: {fileID: 11500000, guid: 83c8d37d500664cd589dc84f2feadcf3, type: 3}
  m_Name: 
  m_EditorClassIdentifier: 
